<record><leader>00000cas a22000007a 4500</leader><controlfield tag="001">11288473</controlfield><controlfield tag="008">841020d18391841ohuwn ne      0    0eng d</controlfield><controlfield tag="009">3783</controlfield><datafield ind1=" " ind2=" " tag="010"><subfield code="a">sn 84028665 </subfield></datafield><datafield ind1=" " ind2=" " tag="040"><subfield code="a">NPY</subfield><subfield code="b">eng</subfield><subfield code="c">NPY</subfield><subfield code="d">NPX</subfield><subfield code="d">DLC</subfield><subfield code="d">ONP</subfield><subfield code="d">OCLCQ</subfield></datafield><datafield ind1=" " ind2=" " tag="042"><subfield code="a">msc</subfield></datafield><datafield ind1="0" ind2="0" tag="050"><subfield code="a">Newspaper 9286</subfield></datafield><datafield ind1="0" ind2="0" tag="245"><subfield code="a">Ohio confederate and old school Republican.</subfield></datafield><datafield ind1=" " ind2=" " tag="260"><subfield code="a">Columbus, Ohio :</subfield><subfield code="b">John G. Miller,</subfield><subfield code="c">1839-1841.</subfield></datafield><datafield ind1=" " ind2=" " tag="300"><subfield code="a">v. ;</subfield><subfield code="c">50-56 cm.</subfield></datafield><datafield ind1=" " ind2=" " tag="310"><subfield code="a">Weekly (except semiweekly during sessions of legislature)</subfield></datafield><datafield ind1="0" ind2=" " tag="362"><subfield code="a">Vol. 1, no. 1 (Apr. 6, 1839)-v. 2, no. 66 (Apr. 16, 1841).</subfield></datafield><datafield ind1=" " ind2=" " tag="500"><subfield code="a">"Whig." Cf. Gutgesell, S. Guide to Ohio newspapers, 1974.</subfield></datafield><datafield ind1=" " ind2=" " tag="515"><subfield code="a">Vols. for Apr. 17, 1840-Apr. 16, 1841 called also whole no. 63 [i.e. 61]-126.</subfield></datafield><datafield ind1=" " ind2=" " tag="500"><subfield code="a">Editor: John G. Miller.</subfield></datafield><datafield ind1=" " ind2=" " tag="752"><subfield code="a">United States</subfield><subfield code="b">Ohio</subfield><subfield code="c">Franklin</subfield><subfield code="d">Columbus.</subfield></datafield><datafield ind1="0" ind2="0" tag="785"><subfield code="t">Old school Republican and Ohio State gazette (Columbus, Ohio : 1841)</subfield><subfield code="w">(DLC)sn 85042505</subfield></datafield></record>